2468 4192
109 170 128 228 p
176 155 227 234 44
356 226 361 237 Ι
427 151 658 208 nkaxmus
685 120 941 231 (Hieremias)

426 247 436 281 N

177 320 349 385 mosum,
363 320 516 394 quorum
540 298 643 379 alteri
668 299 706 372 in
723 297 849 372 Diario
865 289 1102 396 biograpbico',
1142 296 1190 371 ab

175 401 248 476 teri
261 401 299 473 in
314 395 526 478 Bibliotheca
550 399 654 472 ueteri
678 395 719 472 ii
738 422 855 483 suana,
898 395 1019 497 Noster
1043 396 1190 470 minime

5 530 11 565 ÷
91 574 94 583 ,
177 500 369 582 illaudatus
393 500 491 575 abiit.
537 496 634 589 Sileo
662 496 743 573 Nic.
774 492 915 576 Isiieran.
944 517 1192 575 GUNnLlNffl«

109 660 110 667 κ
177 624 281 686 υΜ,·
301 598 397 696 apud
412 621 521 695 quem
547 599 586 679 in
612 591 743 697 Libr03
783 596 929 698 Historie
954 595 1012 670 der
1050 593 1192 671 Gelaln-

177 699 268 786 beit,
305 697 395 778 Tam.
417 697 491 772 HI.
512 725 550 798 p.
563 708 672 795 4839.
690 697 851 871 Naprnm
865 698 957 777 inter
974 695 1088 775 claros
1105 698 1193 789 Ger-

176 800 312 879 maniae
325 799 503 873 Rhetores
529 797 647 874 saecuti
660 797 774 873 XVI.
804 808 1080 876 annumeratum
1093 797 1194 871 inve«

179 901 252 976 nio.
305 899 429 974 Unum
440 897 588 974 subdere
612 897 698 976 libet
718 893 788 1074 qo.
807 895 988 999 Clrrislopb.
1000 917 1194 972 unuani*

168 1022 309 1084 musa,
339 997 449 1095 quiin
472 997 712 1099 Differtatione
747 996 777 1075 I.
804 997 842 1073 dc
854 997 995 1074 Meritis
1019 993 1195 1094 Reipubli-

182 1123 228 1178 ea
240 1097 448 1201 Augustani
461 1092 496 1171 in
525 1097 610 1175 Rem
626 1100 839 1184 litterariam,
857 1122 938 1196 pag.
955 1121 1014 1191 42.
1045 1095 1194 1198 sequena

179 1201 209 1275 ti
235 1200 398 1273 encomio
426 1197 587 1299 Nollrnm
609 1198 758 1274 miliat:
785 1197 860 1272 Nee
880 1193 1079 1271 amittendus
1094 1199 1194 1270 etiam

149 1391 151 1395 Α
179 1288 372 1375 Hieremias
391 1289 621 1375 aramius
648 1293 884 1414 eSoeffesn,
912 1299 971 1394 qai
992 1307 1095 1389 1038.
1124 1293 1194 1371 obi*

177 1401 218 1474 it.
258 1397 350 1491 Hic,
374 1396 620 1497 Senecasacnli
632 1396 877 1497 injusittiam,
915 1396 1196 1500 infignisMana«

178 1497 246 1576 etti
265 1494 450 1597 Tbcolognr
466 1497 507 1575 dd
526 1497 655 1573 Orator
681 1501 717 1572 in
731 1498 888 1579 Bouaria
902 1499 1027 1571 extitit.
1044 1555 1052 1577 ,
1138 1496 1196 1572 De

179 1595 334 1698 operibus
360 1605 431 1697 ejus
446 1621 693 1673 saHEuRnus
709 1593 779 1699 (in
800 1595 1039 1696 Bibliograpb.¹
1055 1596 1196 1704 moral.)

179 1702 252 1784 ait,
278 1698 368 1795 qnod
380 1700 537 1773 eximiam
562 1700 597 1772 in
623 1701 667 1772 iis
683 1696 814 1796 semper
826 1695 1071 1796 deprehenderit
1084 1697 1197 1771 mode«

180 1803 345 1878 sationem
361 1853 394 1878 ..
411 1851 422 1873 .
449 1821 695 1873 anonumum
719 1800 818 1872 etiam
833 1820 1037 1877 VOGLERUS
1054 1793 1124 1900 (in
1135 1797 1197 1873 In*

179 1899 320 1974 trodnli.
335 1903 371 1973 in
387 1898 473 1974 Not.
500 1901 612 1995 optim.
630 1894 768 1975 Libror.
778 1922 815 1997 p.
825 1895 921 1998 45.)
951 1923 1017 1979 non
1030 1899 1141 1972 minus
1156 1894 1198 1975 ab

179 2001 339 2102 instgnem
372 1998 655 2085 moderationem,
693 2023 793 2095 qnam
819 2001 951 2073 nariam
980 1998 1198 2074 eruditionem

179 2099 308 2180 laudat.
335 2099 402 2174 Ista
418 2120 673 2175 wnuonanus
689 2111 765 2173 tom
779 2111 872 2197 apte,
887 2123 996 2197 quam
1008 2098 1198 2179 concinne.

256 2198 471 2299 Hancporro
486 2200 679 2300 innfitatam
700 2224 812 2298 aspro
836 2197 984 2274 emodnm
997 2197 1197 2298 immensam,

180 2323 248 2399 qna
263 2301 369 2374 omnis
397 2322 596 2375 nannum
606 2297 748 2403 scriptia
780 2226 961 2387 abiendat,
999 2297 1197 2380 eruditionis

57 2446 59 2452 .
178 2403 308 2499 copiam
317 2401 491 2498 praecipua
510 2396 655 2494 quadam
684 2426 750 2478 nan
764 2400 940 2499 diligentia
966 2398 1062 2474 modo
1084 2424 1126 2473 ac
1141 2398 1197 2498 se

179 2492 343 2586 dnlitate,
371 2525 485 2574 aerum
504 2511 579 2573 arte
606 2503 707 2574 etiam
739 2513 838 2598 atque
864 2499 1025 2602 industria
1049 2499 1127 2573 inde
1152 2495 1198 2574 ab

179 2597 395 2698 odolescentia
426 2599 680 2697 comparaverat
685 2595 753 2702 fibi
769 2657 778 2688 ‚
807 2612 952 2674 auxerat
964 2599 1068 2675 indies
1081 2597 1124 2676 &²
1140 2625 1196 2674 ac-

178 2701 380 2785 cumularat-
412 2697 623 2798 Quocunque
637 2699 727 2800 scitu
740 2701 793 2774 nel
804 2713 987 2780 memoratu
1007 2700 1112 2801 digna
1140 2725 1196 2774 ac«

180 2798 308 2901 cepiffct
343 2823 491 2895 amquam
517 2801 621 2874 oculis
647 2797 825 2877 auribusve
837 2830 849 2883 ;
886 2825 1084 2898 quacunque
1098 2797 1195 2875 libris

20 2994 23 2998 ¹
85 2996 88 3001 Ι
178 2900 278 2985 ullis,
299 2901 581 2996 monumentisque
595 2901 785 2980 litterarum
793 2899 933 2999 prodita
947 2901 1012 2997 legi
1039 2895 1097 2998 et(
1116 2900 1161 2974 V
1157 2905 1196 2975 iro

31 3067 60 3088 „
179 3011 290 3077 antem
307 2996 469 3076 eratSeri
492 3012 601 3079 torum
618 3026 745 3105 genus,
776 3003 857 3096 quin
873 2999 1065 3105 lellitaret)
1091 2999 1195 3077 altius

179 3102 217 3179 ln
231 3101 380 3174 animum
380 3026 519 3273 proiciat
534 3100 702 3178 demittere
718 3124 726 3174 :
751 3112 851 3202 utque
868 3098 1051 3198 consuleret
1073 3126 1194 3177 memo·

180 3202 242 3276 ria
262 3255 272 3286 ,
294 3201 330 3273 in
342 3212 378 3273 ta
402 3201 477 3276 ulas
490 3256 500 3286 ,
514 3202 561 3296 in
575 3197 792 3297 aduersaria,
824 3204 860 3273 in
877 3201 1128 3279 commentarios
1142 3227 1193 3276 rc·

39 3376 43 3385 ,
168 3296 312 3407 fircbat
326 3296 533 3399 Exempto,
565 3310 716 3394 certoque
742 3297 878 3387 ordine,
906 3324 971 3397 quo
999 3305 1193 3400 promptius

175 3404 287 3501 postca
304 3403 548 3499 reperirentur,
573 3397 729 3501 dispostta
743 3397 971 3498 conservabat,
1023 3401 1101 3508 Qua
1117 3405 1193 3497 qui*

180 3499 311 3580 demde
341 3526 377 3574 rr
403 3494 618 3572 admirabilia
637 3497 787 3594 quadam
816 3556 824 3585 ,
857 3500 931 3588 fii,
962 3505 1024 3602 nist
1049 3505 1192 3599 propria

173 3599 305 3700 scripto
331 3621 429 3692 eoque
437 3595 603 3692 peculiari
615 3623 845 3674 ossnxaasus
864 3602 929 3700 ipſse
942 3600 1193 3702 demonstrqffet,

175 3693 388 3786 ‘incredibilia
407 3697 647 3804 propemodum
676 3699 807 3780 tradita
831 3705 1024 3810 accepimns,
1053 3701 1193 3785 'Ledo

806 3844 809 3849 ’
1075 3826 1147 3890 itm
