2468 4192
292 159 523 225 unuxnnus
555 118 810 244 (Hieremias)
1009 165 1059 245 45
1095 194 1103 207 .

42 307 115 401 neit
136 308 290 409 noseeudi
328 308 484 408 cupidum
517 304 564 382 ad
592 303 795 406 Opurculuru
833 306 918 384 illuol
945 316 1060 388 remit·

43 408 177 497 trinus,
200 409 391 507 quoilanno
418 412 495 484 uita
513 409 629 482 ultimo
652 408 773 508 Noster
797 423 920 507 rogatu
943 410 1060 488 Socio*

44 539 146 597 reem,
172 508 414 612 Prafieluruque
428 507 519 608 julla
529 505 659 606 publici
681 511 867 606 jurisfeeit
883 511 1061 616 inscrrpfli·

44 635 111 710 que
125 608 375 685 Aurifodinam
400 607 547 684 Attium
570 608 860 687 &scientiarum
873 613 1058 702 omnium,

45 710 109 787 ubi
123 713 279 810 exquifile
292 706 654 805 inulta-scitequenore
662 706 729 808 suo
745 764 754 796 ,
779 709 819 782 de
844 723 917 784 arie
932 710 1064 812 illasua

45 824 147 908 atque
169 809 363 908 excerpendi
366 807 519 906 sollertia
534 807 694 908 disponunt.
757 808 869 886 Unum
890 809 976 886 illud
1000 841 1062 888 uo·

44 911 100 987 bis
127 907 245 1011 diuiffe
262 908 465 1007 sufficerit:
494 907 744 1008 Excerpioruru
768 931 966 986 oauxuuu
990 926 1061 988 taen

42 1010 208 1112 grandem
231 1009 335 1109 fuiffe
365 1021 496 1104 iainque
515 1009 705 1107 locupletem
734 1007 922 1182 tbeseaurum
948 1026 1057 1102 ..ut,
1113 1076 1117 1084 .

44 1134 247 1211 quamquam
264 1109 353 1183 edita
376 1121 473 1183 tauto
487 1134 620 1189 numero
639 1104 772 1207 Opurcu
787 1134 808 1183 a
824 1111 988 1208 funditus
999 1196 1002 1205 ,
1015 1115 1058 1188 il·

44 1214 116 1287 lum
142 1207 625 1313 enbaufiffeuideripoleraut,
655 1206 789 1310 restdua’
818 1221 929 1286 lamen
954 1226 1060 1288 maie·

44 1311 107 1409 ria
133 1309 524 1409 lautasuperarilcopia
571 1322 678 1383 nauta
692 1305 780 1382 binis
793 1312 926 1385 minime
947 1306 1059 1412 Opur-

44 1413 132 1486 eulir
160 1412 195 1485 in
206 1407 358 1511 fingulor
384 1434 490 1485 anuos
517 1436 533 1483 e
557 1409 671 1496 endis,
693 1407 792 1515 fiuel
818 1424 946 1485 centurn
972 1403 1006 1512 ip*
1022 1439 1060 1488 os

44 1510 204 1609 Scripior
231 1519 348 1583 annos‘
357 1508 579 1611 prooiuiffet,
623 1507 752 1584 abunde
762 1508 947 1610 suffibura
971 1539 987 1587 e
1014 1527 1056 1592 el.

44 1610 107 1690 Sic
121 1613 207 1684 enirn
221 1608 287 1712 ipse
301 1609 387 1708 dese
400 1613 436 1685 in
452 1608 667 1706 Aurifodina
692 1634 701 1685 :
724 1607 943 1712 eandidlfflme
987 1617 1058 1702 ico,

16 1742 19 1746 “
43 1711 178 1808 inquil,
207 1707 249 1783 da
275 1711 358 1785 milei
372 1723 501 1785 centurn
516 1735 622 1785 anuos
642 1709 683 1787 bi
693 1712 838 1786 acriores
855 1714 965 1786 oculor
976 1743 988 1795 ‚·
1018 1714 1059 1791 ii

45 1837 109 1911 ego
132 1813 169 1884 iu
194 1804 318 1885 anuum
340 1807 515 1907 quenlibet
537 1809 622 1885 luor
651 1812 822 1886 minimum
843 1811 857 1886 l
863 1807 947 1886 'bros
957 1812 1059 1911 polli-
1119 1806 1124 1812 ’
1151 1902 1153 1909 y

42 1918 122 1986 'reor
138 1913 285 1987 materia
309 1910 475 2011 diuersa,
513 1934 614 2009 quam
637 1907 820 1988 liberaliter
846 1966 856 1998 ‚
886 1909 949 2011 sat
960 1911 1058 2012 seio,

35 2006 337 2113 firbneiuislrabuui
350 2009 537 2111 Excerpta.
563 2040 567 2049 ¹

25 2135 35 2144 ·
85 2156 102 2164 -
117 2109 210 2188 Haec
235 2114 280 2186 de
306 2112 611 2189 lucubrationibus
630 2134 653 2185 a
674 2109 798 2212 Nostro
820 2121 900 2188 tum
930 2112 1058 2199 editis,

43 2221 126 2288 tum
141 2209 742 2314 (¹s1vitaeifi1peraffet)edendis‚
757 2212 801 2288 de
812 2212 953 2287 illorum
965 2236 1059 2312 proe-

41 2313 192 2398 stantia,
238 2312 436 2407 elegantia,
463 2314 500 2389 vi
526 2336 568 2387 ac
589 2312 784 2408 dignitate,
818 2312 863 2386 de
877 2313 1062 2393 communi

42 2412 244 2509 legentium
265 2413 427 2488 omnium
450 2414 706 2511 adprobatione
726 2409 862 2489 summa
897 2468 906 2499 ,
941 2413 1067 2510 deque.
1175 2430 1179 2443 ·

42 2518 127 2588 tota
151 2512 324 2589 litteraria
347 2535 546 2589 uuuxum
573 2535 672 2611 penu
701 2511 793 2587 dista
823 2512 905 2588 satis
933 2511 1059 2588 sunto!

42 2608 229 2692 Postulare
253 2612 362 2688 modo
386 2634 445 2688 res
460 2614 498 2692 δι
513 2613 795 2700 locusvidetur,
820 2625 861 2688 ut
878 2612 923 2686 de
947 2615 1060 2711 pieta·
1200 2612 1202 2621 '

45 2724 88 2789 te
113 2736 255 2811 quoque
283 2735 327 2786 ac
345 2714 562 2798 virtutibus,
608 2735 689 2810 quae
716 2727 813 2789 certe
826 2714 996 2790 maximae
1022 2716 1061 2791 in

10 2810 200 2914 ·'Nojiro,·
224 2806 460 2911 plurimaeque
472 2812 640 2900 fuerunt,
664 2813 797 2891 dicam:
836 2813 973 2890 Verum
985 2813 1059 2904 ista,

42 2914 179 3013 quippe
196 2936 218 2986 a
237 2912 420 3012 praesentis
434 2912 560 3010 Operis
572 2911 731 2988 instituto
743 2911 1061 3001 alienioeafilentio

43 3015 264 3116 praeterire,
304 3014 342 3090 bt
371 3012 537 3089 noscendi
558 3011 685 3088 avidos
707 3014 895 3106 obsecrasse
917 3014 1061 3100 malim,
1195 3082 1197 3087 .

44 3127 90 3190 ut
115 3114 297 3190 laudatam
326 3113 512 3215 Historiam
536 3110 727 3190 Provincia
753 3112 931 3192 Societatis
966 3111 1060 3218 ὄψι

45 3212 241 3293 Gnnauia
248 3213 445 3314 superioris,
455 3211 545 3292 Toru.
567 3213 613 3290 V.
635 3239 717 3313 pag.
732 3239 815 3309 4¹4·
832 3213 961 3314 &sequ
974 3239 1060 3289 con-

29 3313 185 3407 sulant,
210 3311 315 3410 eujus
327 3313 463 3391 Austor
475 3314 572 3390 haud
585 3314 667 3389 satis
680 3315 871 3390 venborum
898 3316 1060 3394 invenire

41 3412 141 3516 polle
165 3411 226 3488 fibi
248 3413 341 3488 visus
365 3415 437 3503 est,
463 3417 591 3512 quibus
616 3427 843 3490 terrenarum
869 3412 907 3507 in
935 3413 1060 3519 Nostro
1156 3472 1161 3477 .

42 3534 168 3590 retum
181 3514 343 3588 omnium
357 3529 638 3612 contemptum,
671 3511 1000 3588 contracaeiestium
1020 3515 1059 3591 δι
1113 3590 1132 3615 Ι,

42 3629 265 3691 aeternarum
276 3612 368 3687 inim
390 3613 690 3700 ardentiffiman
712 3610 881 3686 orationis
896 3610 1057 3698 studium,

41 3713 285 3802 buaiihtatetn
296 3715 430 3800 animi,
473 3713 670 3812 religiosam
687 3723 936 3814 paupertatem
951 3733 1059 3819 ‚upto-

920 3830 1010 3912 pnae
