2468 4192
108 156 156 251 36
172 148 179 164 ”
358 168 589 229 DRExELIUs
613 147 869 257 (Hieremias)
908 129 910 133 Ι

108 323 247 402 ratione
276 318 434 397 sustinuit
458 315 522 420 (e).
576 316 729 396 Pellebat
754 333 838 397 certe
856 339 1123 411 DREXEHUS,

107 423 324 522 quantumuis
337 422 489 521 infirmus
504 418 544 495 Ei
559 417 705 507 debilis,
724 425 897 519 praecipua
910 422 1055 518 quadam
1068 424 1123 498 di-

107 522 203 598 cendi
223 523 282 607 ni,
308 519 349 598 ii
372 522 555 617 eloquentia
570 523 678 607 mira,
710 527 806 619 cujus
825 526 899 617 jam
922 534 1015 608 tum,
1046 551 1123 598 eum

99 623 224 728 studiis
247 619 352 696 dabat
366 644 520 720 operam,
548 620 656 693 latina
677 623 864 724 nonminus
888 645 1124 718 quamverum-

108 725 184 799 cula
197 725 356 808 oratioue,
373 719 649 820 prorsusenimia
661 720 845 819 specimina
858 721 1015 797 ediderat.
1046 722 1122 796 Ita·

66 873 75 880 -
107 821 319 924 quesummis
332 817 513 916 quibusque
533 819 716 907 cathedris,
744 824 804 923 uqi
815 824 938 896 uirium
952 820 1125 896 imbecilli-

10 924 12 927 ’
106 938 163 1000 tas
176 918 363 1024 obstitiffet‚
399 920 468 1018 pbr
487 925 619 995 omnino
633 918 827 996 labebatur.
878 920 951 1021 Ipse
968 920 1123 996 obedien-

101 1027 165 1099 tia
187 1026 290 1109 ninus
315 1017 516 1118 religione,
545 1019 746 1095 debilitatem
773 1026 922 1120 corporis
949 1016 1131 1120 magnum-¹

106 1123 185 1199 dine
200 1122 328 1208 animi,
349 1120 544 1221 fiduciaque
564 1119 787 1225 snbstdiorum
811 1124 979 1222 celestium
994 1122 1122 1219 sulcis-

108 1223 178 1299 bat.
224 1220 352 1317 Neque
367 1220 425 1319 spe
442 1220 502 1297 sua
527 1223 699 1319 deceptus
724 1223 773 1296 est
792 1222 938 1323 Noster,
965 1221 1024 1297 sed
1038 1216 1142 1298 viri-¹

109 1325 177 1402 bus
190 1321 505 1419 supruhumanum
519 1323 628 1397 eliam
645 1323 793 1396 modum
809 1319 933 1396 nunus
953 1378 963 1408 ‚
989 1324 1040 1397 ita
1058 1347 1124 1399 au·

107 1425 169 1500 lici
189 1421 405 1501 Ecclefiastis
427 1434 549 1520 partes
577 1435 675 1507 tote,
712 1422 809 1517 quod
831 1423 922 1509 dixi,
948 1422 999 1496 sat
1012 1423 1122 1520 longo

107 1523 284 1621 temporis
308 1520 419 1621 spatio
438 1522 552 1598 tuitus
577 1521 649 1607 est,
686 1535 727 1595 ut
753 1519 1028 1619 nullumquam,
1055 1548 1122 1619 quo

103 1621 333 1725 perorandum
362 1633 457 1708 crat,
499 1622 551 1696 die
576 1647 643 1695 non
667 1622 796 1720 integro
823 1626 970 1720 corporis
981 1626 1120 1721 uigore,

107 1750 178 1798 nors
201 1724 276 1798 uoce
290 1721 466 1819 aespiritu
479 1718 588 1796 uerbis
602 1724 706 1820 pari,
746 1721 793 1796 ad
803 1722 1045 1798 multitudinem
1059 1749 1123 1797 au-

109 1821 477 1925 asenli‘cupthpuau
501 1821 634 1898 diceret.
694 1821 788 1898 Erat
810 1822 940 1920 quidem
948 1826 1122 1924 pertenuis

101 1920 291 2000 ¹Hieremia
308 1928 413 2026 nostro
429 1947 498 1996 uon
515 1932 613 2019 atque
639 1923 758 2010 enilir,
797 1935 937 1998 ceterum
952 1924 1044 1997 clara
1058 1919 1122 2022 sa·

109 2027 178 2111 tir,
207 2045 308 2120 neque
322 2027 482 2122 ingrata,
498 2036 557 2096 aut
571 2047 644 2120 quae
657 2024 784 2111 locum,
821 2027 857 2098 in
867 2029 931 2120 quo
946 2023 1122 2097 dicendum

108 2124 206 2226 esset,
257 2122 366 2199 uulnus
389 2121 546 2222 inrepleret.
615 2123 731 2199 Ditts'o
760 2124 910 2220 eloquens
942 2123 1122 2222 inprimis,

107 2236 381 2324 temperateque,
419 2235 458 2296 nt
466 2221 603 2321 setarum
632 2222 810 2300 Oratorem
834 2223 946 2315 decet,
977 2237 1122 2310 ornata,

108 2324 243 2400 erudita
269 2322 380 2397 eadem
403 2348 443 2396 as
458 2320 609 2424 copiosa,
635 2316 887 2423 neque'grauior
911 2322 1060 2399 dotlrina
1081 2350 1122 2398 ae

103 2425 252 2526 pondere
267 2422 533 2523 sententiarum,
559 2450 659 2522 quam
682 2426 824 2500 candore
839 2423 981 2524 quodam
993 2425 1123 2523 ingenii

102 2528 308 2627 pietatisque
312 2522 435 2622 sapore
438 2523 594 2624 suanior.
646 2524 749 2602 Nibil
772 2527 926 2621 sucatum
940 2527 975 2597 ln
990 2521 1121 2610 uerbis,

101 2624 195 2702 nibil
218 2627 254 2699 in
279 2628 390 2725 geslu,
424 2650 525 2711 noce,
545 2627 824 2725 pronunciatione
837 2624 1036 2723 affiliatnm.
1062 2623 1121 2697 De

99 2724 242 2826 seipse„
275 2750 349 2798 cum
371 2722 534 2800 indicaret
555 2725 627 2825 sese
648 2728 818 2826 apertius,
844 2725 960 2811 liber,
991 2725 1122 2819 inquie-

106 2823 192 2912 bat,
218 2837 324 2899 nutus
336 2822 436 2900 fum':
461 2826 691 2902 necantibus
707 2825 835 2901 servire
851 2826 975 2910 didici,
995 2824 1121 2898 autad

103 2948 280 3026 pompam
310 2924 417 3021 loqui.
484 2925 659 3003 Nimirum
689 2925 842 3024 srublum
873 2924 1123 3027 prosetlumqne

104 3029 319 3111 animorum,
348 3025 570 3125 nongloriam
588 3024 708 3123 suam,
736 3053 801 3099 non
821 3023 1038 3123 applausum,
1055 3050 1124 3098 uon

11 3140 14 3149 ’
114 3124 274 3200 Oratoris
300 3151 416 3199 nomen
438 3124 573 3200 dicendo
595 3121 836 3222 aucupabatur.
885 3124 1024 3204 Animis
1043 3149 1123 3199 uero

104 3250 175 3322 ¹quo
202 3224 424 3326 magisprode
450 3237 502 3311 et,
528 3227 595 3299 uim
615 3249 814 3320 neruumque
826 3227 973 3299 orationi
996 3223 1122 3324 affidua

104 3350 184 3399 eum
218 3324 297 3405 Deo,
327 3326 621 3402 communicatione
646 3326 787 3422 jugique
802 3324 981 3424 precandi
1008 3323 1122 3425 fludio

110 3422 318 3504 conciliabat.
368 3424 523 3527 Piiffimn
540 3436 706 3526 praterea
725 3427 803 3500 niter
819 3427 997 3526 exemplis,
1023 3422 1123 3597 qpiid·

990 3549 1047 3620 qur

174 3672 221 3755 (θ)
244 3669 286 3737 V·
300 3665 346 3735 Hi
358 3663 465 3762 'oriam
476 3662 563 3736 lirum
586 3669 650 3736 Sos.
662 3665 742 3820 qesta
760 3663 969 3754 Germsnper.
988 3665 1067 3766 Tam.
1083 3670 1121 3736 V.

98 3768 183 3919 ἐξ·
194 3854 212 3900 1
216 3772 294 3922 ἐξ.
381 3773 599 3834 dannamaria
628 3755 668 3819 Be
687 3756 768 3822 liolb.
800 3755 911 3838 Scripl.
932 3752 998 3823 Sos.
1022 3751 1121 3846 lusu,
