2468 4192
100 204 260 297 familia
280 202 386 288 Viris
410 106 891 292 acffiffiteratis
918 202 1113 321 implent.

103 310 305 435 Riliquos
322 319 579 434 Scriptores,
595 347 620 404 a
641 318 923 420 metuimus,
951 349 1113 438 paucos
1159 348 1162 385 ³

105 435 338 527 admodum
367 489 379 529 ,
410 451 486 520 aut
502 452 634 530 aetas,
667 454 741 520 aut
768 434 973 523 nutilium
997 439 1117 526 clari·

105 553 214 642 tudo
236 551 429 665 gestaque
443 547 650 661 dignitas,
681 548 865 665 denique
881 550 1052 640 inferius
1069 555 1116 642 in

107 669 218 754 Nam
247 667 434 780 allegatae
449 666 632 751 rationes
651 662 774 752 facile
797 666 1073 765 excusabunr.
1212 675 1232 689 “’

194 785 245 868 In
270 783 445 866 Conrado
467 798 782 890 ADELMANNO
818 783 890 878 IV.
932 781 1120 895 Epistulas

108 900 308 987 anecdotor
324 895 379 981 ab
409 924 461 981 eo
484 894 539 981 ad
577 896 714 981 Virum
736 905 942 986 BILDIUM
971 902 1122 986 Mona·

111 1020 240 1103 chum
266 1013 377 1097 San·
400 1010 716 1108 Udalricanam,
758 1012 946 1124 Augusta
972 1069 1000 1117 ,ᾖ
1027 1015 1122 1102 scri.

110 1151 204 1248 pras
221 1130 284 1217 :in
301 1128 495 1213 Marruca
511 1143 831 1216 unnscmnuo
856 1130 1051 1244 Exceepm
1066 1131 1163 1221 ab2

578 1239 620 1354 )(
1012 1258 1063 1332 eo
1127 1248 1130 1255 ’

113 1363 320 1447 Annorum
340 1361 417 1463 suis
428 1360 567 1462 scripta
591 1274 818 1462 aaegseemm
843 1366 1025 1465 posteritati
1047 1367 1126 1458 fue⁴

113 1479 204 1545 runt.
226 1524 258 1541 ..
298 1467 348 1541 Et
382 1461 482 1536 Tamo
498 1463 550 1539 II.
577 1487 613 1562 p.
637 1476 740 1560 1827.
756 1464 852 1539 idem
869 1466 941 1539 ait:
973 1462 1125 1566 Superest

114 1593 226 1653 nanc,
244 1578 282 1639 ut
295 1620 305 1651 ,
320 1565 511 1662 quanrfieei
518 1569 648 1667 potest,
679 1561 855 1665 ireuifflme
868 1590 922 1638 eor
935 1589 1062 1661 quoqne
1074 1590 1128 1639 rc·
1210 1640 1212 1653 ,

116 1666 319 1767 censeamus,
344 1667 403 1762 qui
415 1665 563 1739 minoris
589 1678 687 1740 notae
703 1667 943 1766 existimantur.
989 1665 1128 1750 Mirum
1210 1732 1212 1738 .

118 1766 182 1842 tibi
196 1769 336 1869 nonsst,
367 1763 487 1840 Leiior
501 1762 749 1867 immanifflme!
786 1762 844 1839 uhi
863 1768 898 1839 in
912 1765 1071 1862 quosdam
1085 1791 1129 1839 era

119 1867 175 1943 hir
189 1865 385 1965 offenderis,
411 1861 452 1938 ab
465 1864 649 1968 Epistulam
662 1877 793 1940 tantum
811 1865 858 1942 Εἰ·
869 1863 1030 1941 Carmina
1046 1920 1054 1951 ‚
1068 1874 1131 1940 aut
1228 1878 1230 1883 “

111 1968 220 2070 fimiic
233 1965 316 2064 qnid
324 1979 532 2043 memorator.
559 1966 712 2042 Primum
726 1968 850 2068 enimst
875 1964 914 2039 te
927 1965 979 2039 hir
994 1977 1132 2064 agatur,

121 2071 181 2164 qni
193 2065 434 2166 typographica
447 2078 520 2139 arte
541 2066 686 2140 nondum
710 2069 845 2140 inventa
853 2068 1023 2162 floruere,
1060 2063 1134 2164 ipsa

122 2169 337 2262 antiquitatis
348 2165 625 2242 commendatione
637 2167 830 2242 laudantur.
851 2221 885 2241 ..
910 2165 1142 2241 Deindrcnm
1195 2168 1198 2177 '

121 2264 219 2342 nobis
231 2292 296 2341 non
308 2268 462 2353 licuerit,
499 2269 720 2369 aliorstlentr'o
740 2268 929 2352 inuoluere,
962 2262 1135 2361 dequibus

123 2380 195 2443 tam
217 2365 395 2466 Philippus
420 2388 659 2442 metuamus
677 2362 811 2463 ,qnam
834 2366 964 2442 Paetus
984 2387 1137 2441 moma-

125 2489 197 2542 οιΑ
211 2480 310 2563 atque
325 2465 592 2542 Bartholomaeus
605 2489 776 2542 carmus
794 2469 974 2541 meminere.
991 2523 999 2540 .
1018 2524 1025 2541 .
1041 2464 1138 2562 (De-

124 2568 257 2642 licatali
270 2578 383 2664 nempe
404 2566 447 2645 ii
463 2573 509 2642 ad
525 2567 686 2643 Criticam
702 2569 802 2643 nimis
820 2569 985 2666 proclives
998 2562 1142 2663 objicere

117 2670 267 2770 sorfitan
286 2666 368 2767 mihi
381 2721 390 2743 .
405 2725 440 2744 ..
472 2667 681 2771 potniffent,
718 2666 777 2742 iras
788 2665 975 2753 Auiiorer,
1005 2670 1060 2769 etfi
1084 2692 1141 2740 rc-

127 2795 203 2845 rum
220 2769 324 2865 parui
342 2771 518 2856 momenti,
539 2778 604 2844 non
618 2765 926 2866 rejiciendorsoree
951 2778 1045 2840 caetu
1061 2764 1143 2841 Me-

129 2867 383 2970 diolanenfinm)
412 2865 490 2942 honi
504 2881 535 2942 te
548 2866 775 2966 consulturum
783 2867 1063 2970 judicavimus,st
1078 2924 1087 2942 .
1104 2924 1113 2941 .
1129 2921 1141 2943 .

130 2968 189 3043 has
203 2965 562 3063 quoquetaudabimas.
605 2968 738 3055 Idem,
764 2968 861 3066 quod
878 2988 1145 3051 anonumum
1174 3028 1191 3049 ,

130 3070 193 3143 diu
210 3084 294 3142 ante
310 3070 451 3146 monuit
470 3091 751 3144 ALLEGAMBIUS
775 3124 784 3155 ,
809 3070 847 3142 in
874 3067 1081 3166 Prasatiane
1107 3062 1145 3139 J.

132 3169 180 3242 ad
192 3164 434 3254 Bibliothecam
448 3167 659 3269 Scriptorum
670 3167 848 3245 Societatir
861 3165 952 3272 Jesu
965 3165 1145 3263 inquiens:

140 3264 280 3367 Tamctfi
293 3267 468 3344 nonnullos
479 3267 643 3368 recenseo,
665 3271 723 3366 qui
730 3293 901 3369 perpauca
918 3268 1093 3360 autetiam
1107 3268 1147 3342 in

125 3367 270 3466 speciem
300 3371 424 3467 exigua
448 3372 660 3469 evulgarunt·
690 3369 728 3443 id
746 3381 855 3443 tamen
871 3369 980 3465 sacia,
1004 3377 1075 3441 tum
1103 3389 1147 3442 ne

134 3488 320 3564 quenquam
341 3468 414 3566 sua
437 3468 604 3572 industria
628 3493 668 3542 ac
696 3464 824 3545 laboris
845 3465 943 3540 tande
955 3466 1146 3564 fraudem,

135 3581 208 3641 tum
219 3591 296 3657 uero
322 3591 362 3641 ac
376 3571 520 3643 maxime
528 3580 667 3668 propter
678 3567 863 3667 Scriptoris
883 3564 1089 3665 dignitatem,
1105 3563 1166 3645 ii„

137 3669 316 3763 quoniam,
347 3690 421 3764 qum
440 3671 577 3743 minima
587 3670 702 3765 prima
713 3670 834 3765 fronte
857 3667 1032 3753 uidentur,
1054 3667 1150 3741 acite·-

137 3778 225 3855 rere,
260 3764 390 3867 sibene
410 3767 713 3870 introspiciantur,
746 3765 830 3867 sunt
848 3770 1011 3933 anamma}3
1046 3767 1092 3949 {t
1109 3767 1150 3844 in

1010 3884 1052 3930 ra
1067 3884 1107 3937 aq

175 4058 180 4093 i
