2468 4192
107 135 169 214 26·
366 137 592 211 lnutulaull
616 110 865 236 (conrados)
934 146 946 207 J
1027 191 1034 202 a

110 296 374 366 constantiensem
399 300 592 377 vicarium
621 300 752 366 &item
783 300 904 384 aliquot
924 299 1126 386 pontione«,-

70 412 72 419 ·
111 406 186 470 quas
197 385 351 448 Baithasat
364 383 548 469 Fridberger
567 404 667 469 nuper
680 386 710 447 se
725 386 947 468 disputaturum
960 391 1121 471 pollicitus

110 468 172 539 est,
196 475 232 531 ut
245 467 280 532 δι
292 478 350 543 tu,
375 471 429 551 qui
441 468 608 551 parietibus
618 467 752 532 inclusus
765 489 816 542 es,
844 469 1025 552 intelligasl,
1046 475 1122 554 quid

74 562 82 582 ‘
107 552 216 620 inhoc
230 552 410 615 turbulento
432 573 467 614 ac
478 550 697 632 inquietillimo
718 552 840 614 mundo
855 565 990 635 agatur:
1013 556 1121 638 quaest

109 645 199 698 antea
217 654 284 698 non
304 634 405 719 legisti
427 679 435 717 ,
461 635 627 716 voluptate
646 645 680 696 te
701 633 846 698 afficient.
892 635 972 711 Quae
997 639 1121 720 polier-

108 736 200 802 quatn
220 719 356 802 legeris,
375 717 526 787 remitte,
546 716 581 780 dt
593 718 717 781 interim
729 718 763 779 in
775 717 896 782 Christo
908 721 988 783 bene
1001 722 1086 788 vale.
1109 745 1125 799 l

173 848 337 932 Zvinglius
349 848 481 912 deveris
496 841 530 910 dr
541 846 622 913 falfis
638 846 809 931 pastoribus
822 848 917 912 edidit
929 895 938 926 ,
948 851 1040 933 lquod
1051 850 1120 914 for-

106 932 189 998 talite
207 933 389 998 excudetur.
435 929 564 994 Restitui
577 933 689 999 amico.
706 932 757 1014 qui
770 930 845 994 mihi
855 935 978 1016 copiam
992 935 1121 1017 legendi

107 1017 205 1093 fecit3
228 1015 346 1098 alioqui
366 1015 404 1078 ad
416 1025 448 1079 te
462 1011 624 1079 mtfilsem:
644 1016 679 1078 in
701 1033 765 1097 quo
778 1014 1019 1100 libelloppieudo
1034 1051 1050 1069 ·
1064 1039 1120 1102 pa·
1145 1024 1147 1027 ’

107 1099 207 1166 liores
219 1100 311 1183 plane
322 1095 454 1173 mitat,
478 1095 521 1161 ut'
532 1108 691 1163 merentur
710 1095 785 1177 θ’).

159 1228 204 1294 (*)
220 1227 260 1282 Ita
281 1230 357 1283 allex
371 1229 457 1284 habet.
502 1228 561 1297 θ’)
578 1228 759 1296 Haecepiltola
781 1244 843 1284 cum
864 1229 924 1284 allls
950 1234 1015 1286 annl
1040 1243 1119 1301 1524·
1149 1274 1158 1299 =.

32 1326 36 1334 „
107 1297 138 1359 in
157 1299 240 1354 coaice
254 1297 389 1366 permixta
398 1305 482 1354 extat.
763 1301 767 1308 ’
1005 1295 1019 1324 s

589 1465 647 1536 IV.

121 1595 123 1602 ᾗ
172 1621 278 1688 Gratia
301 1619 336 1686 dc
350 1619 538 1706 paaneo.
584 1621 680 1700 Quod
698 1619 896 1704 ignifluam,
923 1621 1123 1708 oecolampo·'

70 1726 71 1731 ’
106 1705 188 1774 dium
204 1705 347 1791 scripfiffe
358 1704 630 1791 inApocalypfin‚
651 1725 809 1851 nunquam
827 1719 920 1771 antea
934 1709 1077 1775 intellexi
1098 1732 1116 1773 a

104 1811 285 1875 quoquam,
308 1791 427 1875 optime
444 1787 527 1856 mat
550 1787 584 1855 dt
594 1790 716 1853 vixere
739 1809 783 1864 ος
802 1791 917 1874 alioqui
927 1791 1051 1855 fortall'e
1064 1813 1118 1856 me

29 1931 33 1943 ,
104 1895 173 1938 non
193 1871 338 1942 latuiffet.
396 1872 493 1948 Quod
521 1893 602 1936 vero
622 1860 789 1955 Zviaglius
810 1873 845 1938 dc
875 1874 1117 1955 Oraolumpadius

102 1957 233 2022 faveant
244 1957 388 2040 opinioni
405 1955 560 2040 Carljiadii
571 1957 611 2020 de
621 1954 822 2020 sacramento
833 1959 959 2031 Altaria,
983 1959 1016 2020 id
1034 1978 1115 2040 quo-

20 2055 24 2062 '
103 2061 164 2122 que
180 2063 231 2105 me
249 2041 336 2106 latet.
380 2036 502 2105 Verum
526 2041 654 2123 quidem
671 2041 734 2113 eli,
767 2042 849 2124 quod
870 2041 1116 2123 Ortolampadius

11 2120 25 2172 7
100 2123 300 2207 jampridem
322 2125 360 2187 ad
373 2144 424 2187 me
435 2121 570 2206 scripsit:
591 2123 753 2206 lilsperem
777 2122 1115 2203 admonitionemllme·

100 2228 152 2270 am
164 2208 245 2292 apud
263 2205 418 2271 Urbanam
436 2202 491 2285 (*)’
512 2207 652 2277 valere,
675 2217 711 2270 ut
731 2208 864 2272 eundem
876 2208 1044 2278 adhortor,
1073 2230 1116 2271 ne

99 2295 240 2376 praeceps
258 2287 295 2353 fit
310 2291 343 2354 in
366 2288 528 2352 scribendo
539 2361 540 2364 Ἴ
551 2290 590 2352 de
605 2290 663 2354 hac
676 2311 732 2368 rea
757 2291 879 2374 fecique
896 2291 1010 2374 ,lquod
1028 2289 1115 2374 jusfit

103 2370 346 2456 Oecolmadias
361 2394 371 2436 ε
394 2374 652 2456 ςυεηᾱοςιιίᾶειη
661 2372 902 2457 oecolampadius
913 2375 956 2437 ait
966 2419 975 2446 ,
987 2375 1017 2436 se
1031 2394 1114 2456 quo-

98 2477 163 2540 que
180 2459 219 2520 de
230 2458 279 2521 his
297 2457 389 2521 rebus
410 2466 484 2519 ante
500 2475 600 2522 annos
618 2458 738 2542 aliquot
759 2456 907 2520 audivilie
918 2455 1113 2521 dottiffimos

122 2542 277 2611 nordana,
300 2537 334 2605 dc
353 2559 452 2623 nuper
475 2539 648 2606 contulilie.
682 2539 857 2606 Fortaffisfi
875 2541 996 2603 dabitur
1009 2541 1112 2604 otium

152 2625 244 2697 vita,
268 2623 433 2706 aliquando
452 2634 483 2687 te
503 2624 594 2687 adibo
608 2623 642 2689 ἀ
662 2643 785 2687 mecum
809 2623 934 2689 afferam
961 2624 1112 2686 Oecolam·

93 2706 185 2792 podii
206 2707 348 2781 litteras,
372 2726 447 2788 quas
483 2708 567 2771 aucis
583 2706 733 2784 betianus
745 2708 837 2770 volui
860 2708 1110 2780 communicare3

99 2790 152 2852 se'd
164 2800 195 2852 te
214 2809 280 2852 non
294 2790 411 2852 celabo.
458 2727 583 2873 Scripsit
594 2810 658 2874 quo
679 2809 720 2852 ue
734 2790 993 2872 oecolampadius,
1016 2789 1110 2852 Mur-

93 2876 189 2936 tinam
202 2871 344 2954 scripfilse
357 2871 502 2937 Balileam
517 2875 549 2936 in
561 2811 693 2937 caussaqli
707 2893 717 2936 a
729 2893 762 2935 ar
780 2895 788 2937 :
809 2872 854 2957 {se
871 2893 937 2935 non
962 2872 1109 2956 congres·

92 2955 201 3023 surum
215 2975 288 3019 cum
312 2955 465 3038 Erusm,
493 2957 744 3039 quandoquidem
768 2976 835 3018 rem
866 2975 933 3020 non
962 2957 1109 3019 videatur

95 3035 230 3105 tratiar'e
253 3036 342 3103 serio.
387 3040 438 3102 Ad
466 3042 627 3123 proximas
652 3039 805 3107 nundinas
834 3036 1110 3121 Francisordiooses

95 3121 215 3198 sero,
238 3142 299 3186 noa
325 3122 485 3187 habituros
515 3122 658 3269 {esaiam
686 3119 913 3198 oecolampadii.
969 3119 1051 3187 Vale
1075 3123 1109 3185 iu

124 3204 239 3282 bristo,
263 3206 381 3289 optime
410 3205 496 3270 Valet
576 3204 719 3268 fiduciam
743 3204 777 3266 in
802 3203 916 3269 caelesti
937 3214 1024 3288 patre
1046 3224 1109 3269 no·

96 3287 187 3366 stro,
209 3292 359 3354 cui-curae
374 3287 498 3364 sumus,
529 3306 657 3363 omnem
670 3286 915 3368 constitue-w

79 3401 80 3404 ¹
149 3416 192 3483 (·)
209 3419 332 3486 intellige
348 3421 479 3487 Rhegium.
515 3415 573 3487 θ’)
591 3417 655 3476 Haec
673 3420 762 3474 littera
779 3416 812 3473 ad
834 3420 916 3476 finem
943 3420 1008 3474 anui
1027 3429 1108 3487 1524·

96 3483 191 3561 scripta
206 3489 279 3544 suilla
295 3487 405 3545 videtur.
421 3549 427 3556 ,
537 3498 552 3518 ·

901 3671 1057 3773 BlsSE-
